@inproceedings{pangesti2019analysis,
  title        = {Analysis of Inverse Kinematics Method for Human Movement In 2D Animation},
  author       = {Pangesti, Annisa Rahayu and Utami, Ema and Sunyoto, Andi},
  booktitle    = {2019 1st International Conference on Cybernetics and Intelligent System (ICORIS)},
  volume       = {1},
  pages        = {189--194},
  year         = {2019},
  organization = {IEEE}
}

@article{johansen2009automated,
  title     = {Automated semi-procedural animation for character locomotion},
  author    = {Johansen, Rune Skovbo},
  journal   = {Aarhus Universitet, Institut for Informations Medievidenskab},
  year      = {2009},
  publisher = {Citeseer}
}