% BibTeX database for AFT at i3A

%% bibtexfile{
%%  author	= " ",
%%  version	= "1.0",
%%  date	= "10 April 2003",
%%  filename	= "fuzzy.bib",
%%  adress	= "Fachhochschule Trier
%%		   University of Applied Sciences Trier
%%		   Postfach 1826
%%		   D-54208 Trier
%%		   Germany",
%%  email	= "<i3a.fh-trier.de>" }


% How to use this file within an german document!
%
% - set 'german' as global option to documentclass
%   e.g.: '\documentclass[12pt,a4paper,oneside,german,epsfig]{ai-paper}'
% - use package 'babel': '\usepackage{babel}'
% - use package 'bibgerm': '\usepackage{bibgerm}'
% - use bibstyle 'geralpha', 'gerplain', ...
%   e.g.: '\bibliographystyle{geralpha}'
%
% Within this .bib-file use 'and' to specify more than one author. 
% You have to use only the english abbreviations WITHOUT curly brackets
% for months! e.g.: 'jan', 'feb', 'mar', 'apr', 'mai', 'jun', 'jul',
% 'aug', 'sep', 'oct', 'nov', 'dec'.



% Short explanation of entry types:
%
% Article:          An article from a journal or magazine.
% Book:             A Book with an explicit publisher.
% Booklet:          A work that is printed and bound, but without a 
%                   named publisher or sponsoring institution.
% InBook:           A part of a book which may be a chapter (or section
%                   or whatever) and/or a range of pages.
% InCollection:     A part of a book having ots own title.
% InProceedings:    An article in a conference proceedings.
% Manual:           Technical documentation.
% Mastersthesis:    A Master's thesis.
% Misc:             Use this type when nothing else fits.
% PhDthesis:        A PhD thesis.
% Proceedings:      The proceedings of a conference. See also: inproceedings.
% Techreport:       A report published by a school or other institution, 
%                   usally numbered within a series.
%
% Further Information may be found at www.din1505.informationskompetenz.net



%%%%%%%% article
%%
%% An article from a journal or magazine.
%%
%% Required fields:
%% author, title, journal, year
%%
%% Optional fields:
%% volume, number, pages, month, note

@article{burtnyk1976interactive,
  title     = {Interactive skeleton techniques for enhancing motion dynamics in key frame animation},
  author    = {Burtnyk, Nestor and Wein, Marceli},
  journal   = {Communications of the ACM},
  volume    = {19},
  number    = {10},
  pages     = {564--569},
  year      = {1976},
  publisher = {ACM New York, NY, USA}
}

@article{van1990technique,
  title     = {A technique for motion specification in computer animation},
  author    = {van Overveld, Cornelius WAM},
  journal   = {The Visual Computer},
  volume    = {6},
  number    = {2},
  pages     = {106--116},
  year      = {1990},
  publisher = {Springer}
}

@article{bruderlin1994procedural,
  title     = {Procedural movement for articulated figure animation},
  author    = {Bruderlin, Armin and Teo, Chor Guan and Calvert, Tom},
  journal   = {Computers \& Graphics},
  volume    = {18},
  number    = {4},
  pages     = {453--461},
  year      = {1994},
  publisher = {Elsevier}
}

@article{johansen2009automated,
  title     = {Automated semi-procedural animation for character locomotion},
  author    = {Johansen, Rune Skovbo},
  journal   = {Aarhus Universitet, Institut for Informations Medievidenskab},
  year      = {2009},
  publisher = {Citeseer}
}

@article{bates1994role,
  title     = {The role of emotion in believable agents},
  author    = {Bates, Joseph and others},
  journal   = {Communications of the ACM},
  volume    = {37},
  number    = {7},
  pages     = {122--125},
  year      = {1994},
  publisher = {Citeseer}
}



%%%%%%%% book
%%
%% A Book with an explicit publisher.
%%
%% Required fields:
%% author or editor, title, publisher, year
%%
%% Optional fields:
%% volume or number, series, address, edition, month, isbn, note



%%%%%%%% booklet
%%
%% A work that is printed and bound, but without a named publisher or
%% sponsoring institution.
%%
%% Required fields:
%% title
%%
%% Optional fields:
%% author, howpublished, address, month, year, note



%%%%%%%% inbook
%%
%% A part of a book which may be a chapter (or section or whatever) and/or 
%% a range of pages.
%%
%% Required fields:
%% author or editor, title, chapter and/or pages, publisher, year
%%
%% Optional fields:
%% volume or number, series, type, address, edition, month, note



%%%%%%%% incollection
%%
%% A part of a book having its own title.
%%
%% Required fields:
%% author, title, booktitle, publisher, year
%%
%% Optional fields:
%% editor, volume or number, series, type, chapter, pages, address, 
%% edition, month, note




%%%%%%%% inproceedings
%%
%% An article in a conference preceedings.
%%
%% Required fields:
%% author, title, booktitle, year
%%
%% Optional fields:
%% editor, volume or number, series, pages, address, month, organization, 
%% publisher, note

@inproceedings{litwinowicz1994animating,
  title     = {Animating images with drawings},
  author    = {Litwinowicz, Peter and Williams, Lance},
  booktitle = {Proceedings of the 21st annual conference on Computer graphics and interactive techniques},
  pages     = {409--412},
  year      = {1994}
}

@inproceedings{van1996integrating,
  title        = {Integrating 2 1/2-D computer animation techniques for supporting traditional animation},
  author       = {Van Reeth, Frank},
  booktitle    = {Proceedings Computer Animation'96},
  pages        = {118--125},
  year         = {1996},
  organization = {IEEE}
}

@inproceedings{aoki1999dynamic,
  title     = {Dynamic texture: Physically-based 2D animation},
  author    = {Aoki, Masakastsu and Shinya, Mikio and Tsutsuguchi, Ken and Kotani, Naoya},
  booktitle = {ACM SIGGRAPH 1999 Conference Sketches and Applications},
  volume    = {239},
  number    = {10.1145},
  pages     = {311625--312130},
  year      = {1999}
}

@inproceedings{pangesti2019analysis,
  title        = {Analysis of Inverse Kinematics Method for Human Movement In 2D Animation},
  author       = {Pangesti, Annisa Rahayu and Utami, Ema and Sunyoto, Andi},
  booktitle    = {2019 1st International Conference on Cybernetics and Intelligent System (ICORIS)},
  volume       = {1},
  pages        = {189--194},
  year         = {2019},
  organization = {IEEE}
}

@inproceedings{bruderlin1993interactive,
  title     = {Interactive animation of personalized human locomotion},
  author    = {Bruderlin, Armin},
  booktitle = {Graphics Interface},
  volume    = {93},
  pages     = {17--23},
  year      = {1993}
}

@inproceedings{bruderlin1996knowledge,
  title     = {Knowledge-driven, interactive animation of human running},
  author    = {Bruderlin, Armin and Calvert, Tom},
  booktitle = {Graphics Interface},
  volume    = {96},
  pages     = {213--221},
  year      = {1996}
}

@inproceedings{chung1999animation,
  title        = {Animation of human walking in virtual environments},
  author       = {Chung, Shih-kai and Hahn, James K},
  booktitle    = {Proceedings Computer Animation 1999},
  pages        = {4--15},
  year         = {1999},
  organization = {IEEE}
}

@inproceedings{shapiro2011building,
  title        = {Building a character animation system},
  author       = {Shapiro, Ari},
  booktitle    = {International conference on motion in games},
  pages        = {98--109},
  year         = {2011},
  organization = {Springer}
}


%%%%%%%% manual
%%
%% Technical documentation.
%%
%% Required fields:
%% title
%%
%% Optional fields:
%% author, editor, organization, address, edition, month, year, note

%%%%%%%% mastersthesis
%%
%% A Master's thesis.
%%
%% Required fields:
%% author, title, school, year
%%
%% Optional fields:
%% type, address, month, note


%%%%%%%% misc
%%
%% Use this type when nothing else fits.
%%
%% Required fields:
%% none.
%%
%% Optional fields:
%% author, title, url, month, year, note


%%%%%%%% phdthesis
%%
%% A PhD thesis.
%%
%% Required fields:
%% author, title, school, year
%% 
%% Optional fields:
%% type, address, month, note

%%%%%%%% proceedings
%%
%% The proceedings of a conference. See also: inproceedings.
%%
%% Required fields:
%% title, year
%%
%% Optional fields:
%% editor, volume or number, series, address, month, organization, publisher, note

%%%%%%%% techreport
%%
%% A report published by a school or other institution, usally 
%% numbered within a series.
%%
%% Required fields:
%% author, title, institution, year
%%
%% Optional fields:
%% type, number, address, month, note

